
                        </collection>
                    </content>
                </items>
            </holding>
        </holdings>
    </bibRecord>
    <bibRecord>
        <bib>
            <owningInstitutionId>NYPL</owningInstitutionId>
            <owningInstitutionBibId>.b153286132</owningInstitutionBibId>
            <content>
                <collection xmlns="http://www.loc.gov/MARC21/slim">
                    <record>
                        <controlfield tag="001">47764496</controlfield>
                        <controlfield tag="003">OCoLC</controlfield>
                        <controlfield tag="005">20021018083242.7</controlfield>
                        <controlfield tag="008">010604s2000 it a bde 000 0cita</controlfield>
                        <datafield ind1=" " ind2=" " tag="010">
                            <subfield code="a">2001386785</subfield>
                        </datafield>
                        <datafield ind1=" " ind2=" " tag="020">
                            <subfield code="a">8880898620</subfield>
                        </datafield>
                        <datafield ind1=" " ind2=" " tag="040">
                            <subfield code="a">DLC</subfield>
                            <subfield code="c">DLC</subfield>
                            <subfield code="d">NYP</subfield>
                            <subfield code="d">OCoLC</subfield>
                        </datafield>
                        <datafield ind1=" " ind2=" " tag="042">
                            <subfield code="a">pcc</subfield>
                        </datafield>
                        <datafield ind1=" " ind2=" " tag="043">
                            <subfield code="a">e-it---</subfield>
                        </datafield>
                        <datafield ind1=" " ind2=" " tag="049">
                            <subfield code="a">NYPG</subfield>
                        </datafield>
                        <datafield ind1="0" ind2="0" tag="050">
                            <subfield code="a">GV942.7.A1</subfield>
                            <subfield code="b">D59 2000</subfield>
                        </datafield>
                        <datafield ind1="0" ind2="0" tag="245">
                            <subfield code="a">Dizionario biografico enciclopedico di un secolo del calcio italiano /
                            </subfield>
                            <subfield code="c">a cura di Marco Sappino.</subfield>
                        </datafield>
                        <datafield ind1="1" ind2="4" tag="246">
                            <subfield code="a">Dizionario del calcio italiano</subfield>
                        </datafield>
                        <datafield ind1=" " ind2=" " tag="260">
                            <subfield code="a">Milano :</subfield>
                            <subfield code="b">Baldini &amp; Castoldi,</subfield>
                            <subfield code="c">c2000.</subfield>
                        </datafield>
                        <datafield ind1=" " ind2=" " tag="300">
                            <subfield code="a">2 v., (2147 p.) :</subfield>
                            <subfield code="b">ill. ;</subfield>
                            <subfield code="c">22 cm.</subfield>
                        </datafield>
                        <datafield ind1=" " ind2="3" tag="440">
                            <subfield code="a">Le boe ;</subfield>
                            <subfield code="v">43</subfield>
                        </datafield>
                        <datafield ind1=" " ind2=" " tag="504">
                            <subfield code="a">Includes bibliographical references (p. [2004]-2038).</subfield>
                        </datafield>
                        <datafield ind1="1" ind2=" " tag="505">
                            <subfield code="a">1. Protagonisti -- 2. club e trofei.</subfield>
                        </datafield>
                        <datafield ind1=" " ind2="0" tag="650">
                            <subfield code="a">Soccer players</subfield>
                            <subfield code="z">Italy</subfield>
                            <subfield code="v">Biography</subfield>
                            <subfield code="v">Dictionaries.</subfield>
                        </datafield>
                        <datafield ind1=" " ind2="0" tag="650">
                            <subfield code="a">Soccer</subfield>
                            <subfield code="z">Italy</subfield>
                            <subfield code="v">Biography</subfield>
                            <subfield code="v">Dictionaries.</subfield>
                        </datafield>
                        <datafield ind1=" " ind2="0" tag="650">
                            <subfield code="a">Soccer</subfield>
                            <subfield code="z">Italy</subfield>
                            <subfield code="v">Encyclopedias.</subfield>
                        </datafield>
                        <datafield ind1="1" ind2=" " tag="700">
                            <subfield code="a">Sappino, Marco.</subfield>
                        </datafield>
                        <datafield ind1=" " ind2=" " tag="907">
                            <subfield code="a">.b153286131</subfield>
                            <subfield code="c">m</subfield>
                            <subfield code="d">a</subfield>
                            <subfield code="e">-</subfield>
                            <subfield code="f">ita</subfield>
                            <subfield code="g">it</subfield>
                            <subfield code="h">0</subfield>
                            <subfield code="i">2</subfield>
                        </datafield>
                        <datafield ind1=" " ind2=" " tag="952">
                            <subfield code="h">JFD 02-22709</subfield>
                        </datafield>
                        <datafield ind1=" " ind2=" " tag="035">
                            <subfield code="a">(OCoLC)47764496</subfield>
                        </datafield>
                        <leader>01184nam a22003494a 4500</leader>
                    </record>
                </collection>
            </content>
        </bib>
        <holdings>
            <holding>
                <owningInstitutionHoldingsId/>
                <content>
                    <collection xmlns="http://www.loc.gov/MARC21/slim">
                        <record>
                            <datafield ind1=" " ind2="8" tag="852">
                                <subfield code="b">rc2ma</subfield>
                                <subfield code="h">JFD 02-22709</subfield>
                            </datafield>
                            <datafield ind1=" " ind2=" " tag="866">
                                <subfield code="a">v. 1</subfield>
                            </datafield>
                        </record>
                    </collection>
                </content>
                <items>
                    <content>
                        <collection xmlns="http://www.loc.gov/MARC21/slim">
                            <record>
                                <datafield ind1=" " ind2=" " tag="876">
                                    <subfield code="p">33433031684909</subfield>
                                    <subfield code="h">In Library Use</subfield>
                                    <subfield code="a">.i116690355</subfield>
                                    <subfield code="j">Available</subfield>
                                    <subfield code="t">1</subfield>
                                    <subfield code="3">v. 1</subfield>
                                </datafield>
                                <datafield ind1=" " ind2=" " tag="900">
                                    <subfield code="a">Shared</subfield>
                                    <subfield code="b">NA</subfield>
                                </datafield>
                            </record>