
                        </collection>
                    </content>
                </items>
            </holding>
        </holdings>
    </bibRecord>
    <bibRecord>
        <bib>
            <owningInstitutionId>NYPL</owningInstitutionId>
            <owningInstitutionBibId>.b153286134</owningInstitutionBibId>
            <content>
                <collection>
                    <record>
                        <leader>00780nam a2200217 a 4500</leader>
                        <controlfield tag="001">NYPG88-B90417</controlfield>
                        <controlfield tag="005">19990221171136.8</controlfield>
                        <controlfield tag="008">881130s1976 dcu i000 0 eng d</controlfield>
                        <datafield tag="040" ind1=" " ind2=" ">
                            <subfield code="a">NNC-L</subfield>
                            <subfield code="c">NNC-L</subfield>
                            <subfield code="d">NjP</subfield>
                            <subfield code="d">NN</subfield>
                            <subfield code="d">WaOLN</subfield>
                        </datafield>
                        <datafield tag="110" ind1="2" ind2=" ">
                            <subfield code="a">World Bank.</subfield>
                            <subfield code="b">Operations Evaluation Department.</subfield>
                        </datafield>
                        <datafield tag="245" ind1="1" ind2="0">
                            <subfield code="a">Operations evaluation :</subfield>
                            <subfield code="b">World Bank standards and procedures.</subfield>
                        </datafield>
                        <datafield tag="260" ind1=" " ind2=" ">
                            <subfield code="a">Washington :</subfield>
                            <subfield code="b">World Bank,</subfield>
                            <subfield code="c">1976.</subfield>
                        </datafield>
                        <datafield tag="300" ind1=" " ind2=" ">
                            <subfield code="a">24 p. ;</subfield>
                            <subfield code="c">22 cm.</subfield>
                        </datafield>
                        <datafield tag="610" ind1="2" ind2="0">
                            <subfield code="a">World Bank.</subfield>
                            <subfield code="b">Operations Evaluation Department.</subfield>
                        </datafield>
                        <datafield tag="650" ind1=" " ind2="0">
                            <subfield code="a">Economic development projects</subfield>
                            <subfield code="x">Evaluation.</subfield>
                        </datafield>
                        <datafield tag="907" ind1=" " ind2=" ">
                            <subfield code="a">.b112197322</subfield>
                            <subfield code="c">m</subfield>
                            <subfield code="d">a</subfield>
                            <subfield code="e">-</subfield>
                            <subfield code="f">eng</subfield>
                            <subfield code="g">dcu</subfield>
                            <subfield code="h">0</subfield>
                            <subfield code="i">1</subfield>
                        </datafield>
                        <datafield tag="952" ind1=" " ind2=" ">
                            <subfield code="h">JAX E-304</subfield>
                        </datafield>
                        <datafield tag="991" ind1=" " ind2=" ">
                            <subfield code="y">2782015</subfield>
                        </datafield>
                        <datafield tag="035" ind1=" " ind2=" ">
                            <subfield code="a">(OCoLC)2782015</subfield>
                        </datafield>
                    </record>
                </collection>
            </content>
        </bib>
        <holdings>
            <holding>
                <owningInstitutionHoldingsId>1000</owningInstitutionHoldingsId>
                <content>
                    <collection xmlns="http://www.loc.gov/MARC21/slim">
                        <record>
                            <datafield ind1="0" ind2="0" tag="852">
                                <subfield code="b">rc2ma</subfield>
                                <subfield code="h">*OFK 84-1944</subfield>
                            </datafield>
                            <datafield ind1="0" ind2="0" tag="866">
                                <subfield code="a"/>
                            </datafield>
                        </record>
                    </collection>
                </content>
                <items>
                    <content>
                        <collection xmlns="http://www.loc.gov/MARC21/slim">
                            <record>
                                <datafield ind1="0" ind2="0" tag="876">
                                    <subfield code="h">Use on site</subfield>
                                    <subfield code="a">.i100000058</subfield>
                                    <subfield code="j">-</subfield>
                                    <subfield code="p">33433005548676</subfield>
                                    <subfield code="t">1</subfield>
                                    <subfield code="3"/>
                                </datafield>
                                <datafield ind1="0" ind2="0" tag="900">
                                    <subfield code="a">Shared</subfield>
                                    <subfield code="b">NA</subfield>
                                </datafield>
                            </record>