
                        </collection>
                    </content>
                </items>
            </holding>
        </holdings>
    </bibRecord>
    <bibRecord>
        <bib>
            <owningInstitutionId>NYPL</owningInstitutionId>
            <owningInstitutionBibId>.b153286135</owningInstitutionBibId>
            <content>
                <collection>
                    <record>
                        <leader>00799cam a2200229 a 4500</leader>
                        <controlfield tag="001">60053</controlfield>
                        <controlfield tag="005">20160420002316.0</controlfield>
                        <controlfield tag="008">811019s1976 dcu i00010 eng d</controlfield>
                        <datafield tag="035" ind1=" " ind2=" ">
                            <subfield code="a">(OCoLC)2782015</subfield>
                        </datafield>
                        <datafield tag="035" ind1=" " ind2=" ">
                            <subfield code="a">(CStRLIN)NJPG81-B3136</subfield>
                        </datafield>
                        <datafield tag="035" ind1=" " ind2=" ">
                            <subfield code="9">AAM4603TS</subfield>
                        </datafield>
                        <datafield tag="040" ind1=" " ind2=" ">
                            <subfield code="a">NNC-L</subfield>
                            <subfield code="c">NNC-L</subfield>
                            <subfield code="d">NjP</subfield>
                        </datafield>
                        <datafield tag="110" ind1="2" ind2=" ">
                            <subfield code="a">World Bank.</subfield>
                            <subfield code="0">(uri)http://id.loc.gov/authorities/names/n79043403</subfield>
                        </datafield>
                        <datafield tag="245" ind1="1" ind2="0">
                            <subfield code="a">Operations evaluation :</subfield>
                            <subfield code="b">World Bank standards and procedures.</subfield>
                        </datafield>
                        <datafield tag="260" ind1=" " ind2=" ">
                            <subfield code="a">Washington :</subfield>
                            <subfield code="b">World Bank,</subfield>
                            <subfield code="c">1976.</subfield>
                        </datafield>
                        <datafield tag="300" ind1=" " ind2=" ">
                            <subfield code="a">24 p. ;</subfield>
                            <subfield code="c">22 cm.</subfield>
                        </datafield>
                        <datafield tag="610" ind1="2" ind2="0">
                            <subfield code="a">World Bank</subfield>
                        </datafield>
                        <datafield tag="650" ind1=" " ind2="0">
                            <subfield code="a">Economic development projects</subfield>
                            <subfield code="x">Evaluation.</subfield>
                            <subfield code="0">(uri)http://id.loc.gov/authorities/subjects/sh85040811</subfield>
                        </datafield>
                        <datafield tag="998" ind1=" " ind2=" ">
                            <subfield code="a">08/11/93</subfield>
                            <subfield code="s">9114</subfield>
                            <subfield code="n">NjP</subfield>
                            <subfield code="w">NJPG81B3136</subfield>
                            <subfield code="d">10/19/81</subfield>
                            <subfield code="c">TAP</subfield>
                            <subfield code="b">SLT</subfield>
                            <subfield code="i">930811</subfield>
                            <subfield code="l">NJPG</subfield>
                        </datafield>
                        <datafield tag="948" ind1=" " ind2=" ">
                            <subfield code="a">AACR2</subfield>
                        </datafield>
                        <datafield tag="911" ind1=" " ind2=" ">
                            <subfield code="a">19930908</subfield>
                        </datafield>
                        <datafield tag="912" ind1=" " ind2=" ">
                            <subfield code="a">19930811000000.0</subfield>
                        </datafield>
                    </record>
                </collection>
            </content>
        </bib>
        <holdings>
            <holding>
                <owningInstitutionHoldingsId>1000</owningInstitutionHoldingsId>
                <content>
                    <collection xmlns="http://www.loc.gov/MARC21/slim">
                        <record>
                            <datafield ind1="0" ind2="0" tag="852">
                                <subfield code="b">rc2ma</subfield>
                                <subfield code="h">*OFK 84-1944</subfield>
                            </datafield>
                            <datafield ind1="0" ind2="0" tag="866">
                                <subfield code="a"/>
                            </datafield>
                        </record>
                    </collection>
                </content>
                <items>
                    <content>
                        <collection xmlns="http://www.loc.gov/MARC21/slim">
                            <record>
                                <datafield ind1="0" ind2="0" tag="876">
                                    <subfield code="h">Use on site</subfield>
                                    <subfield code="a">.i100000058</subfield>
                                    <subfield code="j">-</subfield>
                                    <subfield code="p">33433005548676</subfield>
                                    <subfield code="t">1</subfield>
                                    <subfield code="3"/>
                                </datafield>
                                <datafield ind1="0" ind2="0" tag="900">
                                    <subfield code="a">Shared</subfield>
                                    <subfield code="b">NA</subfield>
                                </datafield>
                            </record>
                        </collection>
                    </content>
                </items>
            </holding>
        </holdings>
    </bibRecord>
</bibRecords>
